@INPROCEEDINGS{TanabeShade,
  author={Tanabe, Ryoji and Fukunaga, Alex},
  booktitle={2013 IEEE Congress on Evolutionary Computation}, 
  title={Success-history based parameter adaptation for Differential Evolution}, 
  year={2013},
  pages={71-78},
  keywords={Vectors;Sociology;Statistics;Thyristors;Benchmark testing;Optimization;Equations},
  doi={10.1109/CEC.2013.6557555}
}

@INPROCEEDINGS{Molina2018,
  author={Molina, Daniel and LaTorre, Antonio and Herrera, Francisco},
  title={SHADE with Iterative Local Search for Large-Scale Global Optimization},
  booktitle={Proceedings of the 2018 IEEE Congress on Evolutionary Computation},
  address={Rio de Janeiro, Brasil},
  pages={1252-1259},
  year={2018},
  month={July}
}

@ARTICLE{DG2,
  author={Omidvar, Mohammad Nabi and Yang, Ming and Mei, Yi and Li, Xiaodong and Yao, Xin},
  journal={IEEE Transactions on Evolutionary Computation}, 
  title={DG2: A Faster and More Accurate Differential Grouping for Large-Scale Black-Box Optimization}, 
  year={2017},
  volume={21},
  number={6},
  pages={929-942},
  keywords={Optimization;Linear programming;Benchmark testing;Sensitivity;Roundoff errors;Computer science;Reliability;Cooperative co-evolution;differential grouping (DG);large-scale global optimization;problem decomposition},
  doi={10.1109/TEVC.2017.2694221}
}

@ARTICLE{Teoremas_DG2,
  author={Yang, Ming and Omidvar, Mohammad Nabi and Li, Changhe and Li, Xiaodong and Cai, Zhihua and Kazimipour, Borhan and Yao, Xin},
  year={2016},
  month={December},
  pages={1-1},
  title={Efficient Resource Allocation in Cooperative Co-Evolution for Large-Scale Global Optimization},
  volume={PP},
  journal={IEEE Transactions on Evolutionary Computation},
  doi={10.1109/TEVC.2016.2627581}
}

@ARTICLE{Review_I,
  author={Omidvar, Mohammad Nabi and Li, Xiaodong and Yao, Xin},
  journal={IEEE Transactions on Evolutionary Computation}, 
  title={A Review of Population-Based Metaheuristics for Large-Scale Black-Box Global Optimization—Part I}, 
  year={2022},
  volume={26},
  number={5},
  pages={802-822},
  keywords={Optimization;Couplings;Search problems;Genetic algorithms;Scalability;Memetics;Buildings;Black-box optimization;evolutionary optimization;large-scale global optimization;metaheuristics},
  doi={10.1109/TEVC.2021.3130838}
}

@ARTICLE{Review_II,
  author={Omidvar, Mohammad Nabi and Li, Xiaodong and Yao, Xin},
  journal={IEEE Transactions on Evolutionary Computation}, 
  title={A Review of Population-Based Metaheuristics for Large-Scale Black-Box Global Optimization—Part II}, 
  year={2022},
  volume={26},
  number={5},
  pages={823-843},
  keywords={Optimization;Statistics;Sociology;Convergence;Approximation algorithms;Particle swarm optimization;Maintenance engineering;Black-box optimization;evolutionary optimization;large-scale global optimization;metaheuristics},
  doi={10.1109/TEVC.2021.3130835}
}

@ARTICLE{No_free_lunch,
  author={Wolpert, D.H. and Macready, W.G.},
  journal={IEEE Transactions on Evolutionary Computation}, 
  title={No free lunch theorems for optimization}, 
  year={1997},
  volume={1},
  number={1},
  pages={67-82},
  keywords={Iron;Evolutionary computation;Information theory;Minimax techniques;Simulated annealing;Algorithm design and analysis;Performance analysis;Probability distribution;Bayesian methods},
  doi={10.1109/4235.585893}
  }

@book{bellman_adaptive_1961,
	series = {Princeton {Legacy} {Library}},
	title = {Adaptive {Control} {Processes}: {A} {Guided} {Tour}},
	isbn = {978-0-691-07901-1},
	url = {https://books.google.es/books?id=POAmAAAAMAAJ},
	publisher = {Princeton University Press},
	author = {Bellman, R.},
	year = {1961},
	lccn = {lc60005740},
}

@ARTICLE{CC,
  author={Ma, Xiaoliang and Li, Xiaodong and Zhang, Qingfu and Tang, Ke and Liang, Zhengping and Xie, Weixin and Zhu, Zexuan},
  journal={IEEE Transactions on Evolutionary Computation}, 
  title={A Survey on Cooperative Co-Evolutionary Algorithms}, 
  year={2019},
  volume={23},
  number={3},
  pages={421-441},
  keywords={Optimization;Genetic algorithms;Resource management;Benchmark testing;Computer science;Google;Perturbation methods;Cooperative co-evolutionary algorithm (CCEA);evolutionary algorithm (EA);genetic algorithm (GA)},
  doi={10.1109/TEVC.2018.2868770}
  }
  
  @ARTICLE{ERDG,
  author={Yang, Ming and Zhou, Aimin and Li, Changhe and Yao, Xin},
  journal={IEEE Transactions on Evolutionary Computation}, 
  title={An Efficient Recursive Differential Grouping for Large-Scale Continuous Problems}, 
  year={2021},
  volume={25},
  number={1},
  pages={159-171},
  keywords={Optimization;Computational efficiency;Geology;Computer science;Electronic mail;Computational complexity;Automation;Cooperative co-evolution (CC);decomposition;large-scale global optimization},
  doi={10.1109/TEVC.2020.3009390}
  }
  
  
@article{DE,
	title = {Differential {Evolution} – {A} {Simple} and {Efficient} {Heuristic} for global {Optimization} over {Continuous} {Spaces}},
	volume = {11},
	issn = {1573-2916},
	url = {https://doi.org/10.1023/A:1008202821328},
	doi = {10.1023/A:1008202821328},
	abstract = {A new heuristic approach for minimizing possiblynonlinear and non-differentiable continuous spacefunctions is presented. By means of an extensivetestbed it is demonstrated that the new methodconverges faster and with more certainty than manyother acclaimed global optimization methods. The newmethod requires few control variables, is robust, easyto use, and lends itself very well to parallelcomputation.},
	number = {4},
	journal = {Journal of Global Optimization},
	author = {Storn, Rainer and Price, Kenneth},
	month = dec,
	year = {1997},
	pages = {341--359},
}

@INPROCEEDINGS{PSO,
  author={Kennedy, J. and Eberhart, R.},
  booktitle={Proceedings of ICNN'95 - International Conference on Neural Networks}, 
  title={Particle swarm optimization}, 
  year={1995},
  volume={4},
  number={},
  pages={1942-1948 vol.4},
  keywords={Particle swarm optimization;Birds;Educational institutions;Marine animals;Testing;Humans;Genetic algorithms;Optimization methods;Artificial neural networks;Performance evaluation},
  doi={10.1109/ICNN.1995.488968}
  }


